@article{Brown1984,
author = {Brown, Barbara G. and Katz, Richard W. and Murphy, Allan H.},
title = {Time Series Models to Simulate and Forecast Wind Speed and Wind Power},
journal = {Journal of Climate and Applied Meteorology},
volume = {23},
number = {8},
pages = {1184--1195},
month = {August},
year = {1984},
doi = {10.1175/1520-0450(1984)023<1184:TSMTSA>2.0.CO;2},
url = {https://doi.org/10.1175/1520-0450(1984)023<1184:TSMTSA>2.0.CO;2}
}

@article{MomenBouZeid2016,
author = {Momen, Mostafa and Bou-Zeid, Elie},
title = {Large-Eddy Simulations and Damped-Oscillator Models of the Unsteady Ekman Boundary Layer},
journal = {Journal of the Atmospheric Sciences},
volume = {73},
number = {1},
pages = {25--40},
month = {January},
year = {2016},
doi = {10.1175/JAS-D-15-0038.1},
url = {https://doi.org/10.1175/JAS-D-15-0038.1}
}